@article{chen2021decision,
  title={Decision transformer: Reinforcement learning via sequence modeling},
  author={Chen, Lili and Lu, Kevin and Rajeswaran, Aravind and Lee, Kimin and Grover, Aditya and Laskin, Misha and Abbeel, Pieter and Srinivas, Aravind and Mordatch, Igor},
  journal={Advances in neural information processing systems},
  volume={34},
  pages={15084--15097},
  year={2021}
}

@article{vaswani2017attention,
  title={Attention is all you need},
  author={Vaswani, Ashish and Shazeer, Noam and Parmar, Niki and Uszkoreit, Jakob and Jones, Llion and Gomez, Aidan N and Kaiser, {\L}ukasz and Polosukhin, Illia},
  journal={Advances in neural information processing systems},
  volume={30},
  year={2017}
}

@inproceedings{ramesh2021zero,
  title={Zero-shot text-to-image generation},
  author={Ramesh, Aditya and Pavlov, Mikhail and Goh, Gabriel and Gray, Scott and Voss, Chelsea and Radford, Alec and Chen, Mark and Sutskever, Ilya},
  booktitle={International Conference on Machine Learning},
  pages={8821--8831},
  year={2021},
  organization={PMLR}
}

@article{brown2020language,
  title={Language models are few-shot learners},
  author={Brown, Tom and Mann, Benjamin and Ryder, Nick and Subbiah, Melanie and Kaplan, Jared D and Dhariwal, Prafulla and Neelakantan, Arvind and Shyam, Pranav and Sastry, Girish and Askell, Amanda and others},
  journal={Advances in neural information processing systems},
  volume={33},
  pages={1877--1901},
  year={2020}
}

@inproceedings{parisotto2020stabilizing,
  title={Stabilizing transformers for reinforcement learning},
  author={Parisotto, Emilio and Song, Francis and Rae, Jack and Pascanu, Razvan and Gulcehre, Caglar and Jayakumar, Siddhant and Jaderberg, Max and Kaufman, Raphael Lopez and Clark, Aidan and Noury, Seb and others},
  booktitle={International conference on machine learning},
  pages={7487--7498},
  year={2020},
  organization={PMLR}
}

@article{levine2020offline,
  title={Offline reinforcement learning: Tutorial, review, and perspectives on open problems},
  author={Levine, Sergey and Kumar, Aviral and Tucker, George and Fu, Justin},
  journal={arXiv preprint arXiv:2005.01643},
  year={2020}
}

@inproceedings{fujimoto2019off,
  title={Off-policy deep reinforcement learning without exploration},
  author={Fujimoto, Scott and Meger, David and Precup, Doina},
  booktitle={International conference on machine learning},
  pages={2052--2062},
  year={2019},
  organization={PMLR}
}

@article{kidambi2020morel,
  title={Morel: Model-based offline reinforcement learning},
  author={Kidambi, Rahul and Rajeswaran, Aravind and Netrapalli, Praneeth and Joachims, Thorsten},
  journal={Advances in neural information processing systems},
  volume={33},
  pages={21810--21823},
  year={2020}
}

@article{radford2018improving,
  title={Improving language understanding by generative pre-training},
  author={Radford, Alec and Narasimhan, Karthik and Salimans, Tim and Sutskever, Ilya and others},
  year={2018},
  publisher={OpenAI}
}

@article{levine2018reinforcement,
  title={Reinforcement learning and control as probabilistic inference: Tutorial and review},
  author={Levine, Sergey},
  journal={arXiv preprint arXiv:1805.00909},
  year={2018}
}

@article{bellemare2013arcade,
  title={The arcade learning environment: An evaluation platform for general agents},
  author={Bellemare, Marc G and Naddaf, Yavar and Veness, Joel and Bowling, Michael},
  journal={Journal of Artificial Intelligence Research},
  volume={47},
  pages={253--279},
  year={2013}
}

@article{brockman2016openai,
  title={Openai gym},
  author={Brockman, Greg and Cheung, Vicki and Pettersson, Ludwig and Schneider, Jonas and Schulman, John and Tang, Jie and Zaremba, Wojciech},
  journal={arXiv preprint arXiv:1606.01540},
  year={2016}
}

@article{mesnard2020counterfactual,
  title={Counterfactual credit assignment in model-free reinforcement learning},
  author={Mesnard, Thomas and Weber, Th{\'e}ophane and Viola, Fabio and Thakoor, Shantanu and Saade, Alaa and Harutyunyan, Anna and Dabney, Will and Stepleton, Tom and Heess, Nicolas and Guez, Arthur and others},
  journal={arXiv preprint arXiv:2011.09464},
  year={2020}
}

@inproceedings{agarwal2020optimistic,
  title={An optimistic perspective on offline reinforcement learning},
  author={Agarwal, Rishabh and Schuurmans, Dale and Norouzi, Mohammad},
  booktitle={International Conference on Machine Learning},
  pages={104--114},
  year={2020},
  organization={PMLR}
}

@article{fu2020d4rl,
  title={D4rl: Datasets for deep data-driven reinforcement learning},
  author={Fu, Justin and Kumar, Aviral and Nachum, Ofir and Tucker, George and Levine, Sergey},
  journal={arXiv preprint arXiv:2004.07219},
  year={2020}
}

@article{kumar2020conservative,
  title={Conservative q-learning for offline reinforcement learning},
  author={Kumar, Aviral and Zhou, Aurick and Tucker, George and Levine, Sergey},
  journal={Advances in Neural Information Processing Systems},
  volume={33},
  pages={1179--1191},
  year={2020}
}

@inproceedings{dabney2018distributional,
  title={Distributional reinforcement learning with quantile regression},
  author={Dabney, Will and Rowland, Mark and Bellemare, Marc and Munos, R{\'e}mi},
  booktitle={Proceedings of the AAAI Conference on Artificial Intelligence},
  volume={32},
  number={1},
  year={2018}
}

@article{kumar2019stabilizing,
  title={Stabilizing off-policy q-learning via bootstrapping error reduction},
  author={Kumar, Aviral and Fu, Justin and Soh, Matthew and Tucker, George and Levine, Sergey},
  journal={Advances in Neural Information Processing Systems},
  volume={32},
  year={2019}
}

@article{wu2019behavior,
  title={Behavior regularized offline reinforcement learning},
  author={Wu, Yifan and Tucker, George and Nachum, Ofir},
  journal={arXiv preprint arXiv:1911.11361},
  year={2019}
}

@article{peng2019advantage,
  title={Advantage-weighted regression: Simple and scalable off-policy reinforcement learning},
  author={Peng, Xue Bin and Kumar, Aviral and Zhang, Grace and Levine, Sergey},
  journal={arXiv preprint arXiv:1910.00177},
  year={2019}
}